@article{climate_group_smartreport2020,
	url = {
	https://www.theclimategroup.org/sites/default/files/archive/files/Smart2020Report.pdf}
	}

@thesis{atindra_thesis_2012,
	title = {Physics of conductivity noise in graphene},
	series = {Physics of conductivity noise in graphene},
	shorttitle = {Physics of conductivity noise in graphene},
	author = {Atindra Nath Pal},
	year = {2012},
	month = jan
}

@article{Peierls1935,
	author = {Peierls, R.},
	journal = {Annales de l'institut Henri Poincaré},
	keywords = {Quantum theory},
	language = {fre},
	number = {3},
	pages = {177-222},
	publisher = {INSTITUT HENRI POINCARÉ ET GAUTHIER-VILLARS},
	title = {Quelques propriétés typiques des corps solides},
	url = {http://eudml.org/doc/78996},
	volume = {5},
	year = {1935},
}

@article{Landau_phase_transformations,
	author={Landau, L.},
	title={"Theory of phase transformations. II"},
	journal={Phys. Z. Sowjetunion},
	volume={11},
	number={},
	pages={26-35},
	url={},
	year={1937},
	abstract={}
}

@book{proctor_alfonso_vijayaraghavan_2017,
	 place={Boca Raton, FL}, 
	 title={An introduction to graphene and carbon nanotubes}, 
	 publisher={CRC Press, Taylor \& Francis Group}, 
	 author={Proctor, John Edward and Alfonso, Melendrez Armada Daniel and Vijayaraghavan, Aravind}, 
	 ISBN={9781498751797},
	 year={2017}
 } 
 
@misc{clean_sio2_bruhn_2013,
	author = {Polster, Z and Bruhn, B},
	title = {How to clean your $\text{SiO}_2$},
	year = {2013},
	organisation = {Researchgate.net},
	howpublished = {\\https://researchgate.net/post/How\_do\_you\_clean\_your\_SiO2},	
	url = {https://www.researchgate.net/post/How_do_you_clean_your_SiO2},
	}
	
@misc{cambridge_doitpoms_MOSFET,
	author = {DoITPoMS},
	title = {Metal Oxide Semiconductor Field Effect Transistor (MOSFET)},
	year = {2018},
	published = {2004},
	organisation = {University of Cambridge},
	howpublished = {\\https://www.doitpoms.ac.uk/tlplib/semiconductors/mosfet.php},
	url = {https://www.doitpoms.ac.uk/tlplib/semiconductors/mosfet.php},
	}
	
@misc{moores_law,
	author = {Moore, G},
	title = {Cramming more components onto integrated circuits},
	year = {1965},
	publisher = {Electronics},
	volume = {38},
	number = {8},
	date = {April 19, 1965},
	organisation = {Fairchild Semiconductor},
	url = {http://hasler.ece.gatech.edu/Published_papers/Technology_overview/gordon_moore_1965_article.pdf},
	}
	
@misc{enoki_graphene_fet,
	author = {Enoki, T},
	title = {Changing charge-doping in graphene},
	date = {18 August, 2011},
	url = {http://images.iop.org/objects/ntw/news/10/8/22/pic1.jpg},
	publisher = {IOP Publishing},
	volume = {10},
	issue = {8},
}

@misc{az1500_series,
	title = {AZ1500 series technical datasheet},
	organisation = {MERCK}
	url={https://www.microchemicals.com/micro/az_1500_series.pdf}
	}
	
@misc{az1500_series_spincurve,
	title={AZ 1500 series technical datasheet},
	url={https://crn2.3it.usherbrooke.ca/guide_sb/produits/resines/AZ%201500%20Series%20Data%20Pack%20EMD.pdf},
	author={EMD performance materials},
	date={3,2016},
	}